@inproceedings{sivakumarderandom,
 author = {Sivakumar, D.},
 title = {Algorithmic Derandomization via Complexity Theory},
 booktitle = {Proceedings of the Thiry-fourth Annual ACM Symposium on Theory of Computing},
 series = {STOC '02},
 year = {2002},
 isbn = {1-58113-495-9},
 location = {Montreal, Quebec, Canada},
 pages = {619--626},
 numpages = {8},
 url = {http://doi.acm.org/10.1145/509907.509996},
 doi = {10.1145/509907.509996},
 acmid = {509996},
 publisher = {ACM},
 address = {New York, NY, USA},
} 

@article{boundedgeometries,
author={Robert Krauthgamer, Anupam Gupta, James  Lee},
title={Bounded Geometries, Fractals, and Low-Distortion Embeddings},
journal={3D Digital Imaging and Modeling, International Conference on},
volume={},
number={},
issn={},
pages={534},
doi={10.1109/SFCS.2003.1238226},
publisher={IEEE Computer Society},
address={Los Alamitos, CA, USA}
}

@article{doubling,
  author    = {Yair Bartal and
               Lee{-}Ad Gottlieb and
               Ofer Neiman},
  title     = {On the Impossibility of Dimension Reduction for Doubling Subsets of
               {\(\mathscr{l}\)}\({}_{\mbox{p}}\), p{\textgreater}2},
  journal   = {CoRR},
  volume    = {abs/1308.4996},
  year      = {2013},
  url       = {http://arxiv.org/abs/1308.4996},
  archivePrefix = {arXiv},
  eprint    = {1308.4996},
  timestamp = {Mon, 13 Aug 2018 16:48:18 +0200},
  biburl    = {https://dblp.org/rec/bib/journals/corr/BartalGN13},
  bibsource = {dblp computer science bibliography, https://dblp.org}
}