@article{duarte,
  title={Single-pixel imaging via compressive sampling},
  author={Duarte, Marco F and Davenport, Mark A and Takhar, Dharmpal and Laska, Jason N and Sun, Ting and Kelly, Kevin F and Baraniuk, Richard G},
  journal={IEEE signal processing magazine},
  volume={25},
  number={2},
  pages={83--91},
  year={2008},
  publisher={IEEE}
}

